%% This BibTeX bibliography file was created using BibDesk.
%% http://bibdesk.sourceforge.net/


%% Created for Raúl Gómez Acuña at 2015-09-09 20:21:09 +0200 


%% Saved with string encoding Unicode (UTF-8) 



@misc{github,
	Author = {Github},
	Date-Added = {2015-09-09 18:19:49 +0000},
	Date-Modified = {2015-09-09 18:21:06 +0000},
	Title = {``{P{\'a}gina} oficial de {Github}'', {Agosto} 2015. {Documento} en formato {HTML} accesible por internet en la direcci{\'o}n: \url{https://github.com/}},
	Year = {2008}}

@misc{heroku,
	Author = {Heroku},
	Date-Added = {2015-09-09 18:16:54 +0000},
	Date-Modified = {2015-09-09 18:19:05 +0000},
	Title = {``{P{\'a}gina} oficial de {Heroku}'', {Septiembre} 2015. {Documento} en formato {HTML} accesible por internet en la direcci{\'o}n: \url{https://www.heroku.com/}},
	Year = {2007}}

@book{android,
	Author = {J. T. Giron{\'e}s},
	Date-Added = {2015-09-09 00:21:40 +0000},
	Date-Modified = {2015-09-09 02:27:16 +0000},
	Edition = {3ª},
	Publisher = {marcombo},
	Title = {El gran libro de Android},
	Year = {2013}}

@misc{rae,
	Author = {Real {Academia} {Espa{\~n}ola}},
	Date-Added = {2015-09-09 00:10:48 +0000},
	Date-Modified = {2015-09-09 02:17:53 +0000},
	Howpublished = {\url{www.rae.es}},
	Lastchecked = {Septiembre 2015},
	Title = {``{Diccionario} de la lengua espa{\~n}ola'', {Vig{\'e}sima} segunda edici{\'o}n (versi{\'o}n electr{\'o}nica consultable)},
	Year = {2001},
	Bdsk-Url-1 = {www.rae.es}}

@misc{stackoverflow,
	Author = {Stack Exchange},
	Date-Added = {2015-09-09 00:08:37 +0000},
	Date-Modified = {2015-09-09 02:21:06 +0000},
	Lastchecked = {Agosto 2015},
	Title = {``{P{\'a}gina} para preguntas y respuestas de programadores'', {Agosto} 2015. {Documento} en formato {HTML} accesible por internet en la direcci{\'o}n: \url{http://stackoverflow.com/}},
	Year = {2008},
	Bdsk-Url-1 = {http://stackoverflow.com/}}

@misc{mongodb,
	Author = {MongoDB},
	Date-Added = {2015-09-09 00:07:24 +0000},
	Date-Modified = {2015-09-09 02:19:41 +0000},
	Lastchecked = {Mayo 2015},
	Title = {``{P{\'a}gina} oficial de {MongoDB} en ingl{\'e}s'', {Mayo} 2015. {Documento} en formato {HTML} accesible por internet en la direcci{\'o}n: \url{https://www.mongodb.org/}},
	Year = {2009},
	Bdsk-Url-1 = {https://www.mongodb.org/}}

@misc{express,
	Author = {Express},
	Date-Added = {2015-09-09 00:05:26 +0000},
	Date-Modified = {2015-09-09 02:22:12 +0000},
	Lastchecked = {Julio 2015},
	Title = {``{P{\'a}gina} oficial de {ExpressJS} en ingl{\'e}s'', {Julio} 2015. {Documento} en formato {HTML} accesible por internet en la direcci{\'o}n: \url{http://expressjs.com/}},
	Year = {2011},
	Bdsk-Url-1 = {http://expressjs.com/}}

@book{thisObject,
	Author = {K. Simpson},
	Date-Added = {2015-09-08 23:46:59 +0000},
	Date-Modified = {2015-09-09 01:21:42 +0000},
	Edition = {1st},
	Publisher = {O'Reilly Media, Inc.},
	Title = {You Don't Know JS: this \& Object Prototypes},
	Year = {2014}}

@book{typesGrammar,
	Author = {K. Simpson},
	Date-Added = {2015-09-08 23:45:46 +0000},
	Date-Modified = {2015-09-09 01:21:48 +0000},
	Edition = {1st},
	Publisher = {O'Reilly Media, Inc.},
	Title = {You Don't Know JS: Types \& Grammar},
	Year = {2015}}

@book{upgoing,
	Author = {K. Simpson},
	Date-Added = {2015-09-08 23:44:32 +0000},
	Date-Modified = {2015-09-09 01:21:56 +0000},
	Edition = {1st},
	Publisher = {O'Reilly Media, Inc.},
	Title = {You Don't Know JS: Up \& Going},
	Year = {2015}}

@book{youdontknowjs,
	Author = {K. Simpson},
	Date-Added = {2015-09-01 22:37:02 +0000},
	Date-Modified = {2015-09-09 01:21:36 +0000},
	Edition = {1st},
	Publisher = {O'Reilly Media, Inc.},
	Title = {You Don't Know JS: Scope \& Closures},
	Year = {2014}}

@book{meanweb,
	Author = {A. Q. Haviv},
	Date-Added = {2015-09-01 22:34:27 +0000},
	Date-Modified = {2015-09-09 01:21:19 +0000},
	Edition = {1st},
	Publisher = {Packt Publishing},
	Title = {MEAN Web Development},
	Year = {2014}}

@book{nodemongoangular,
	Author = {B. Dayley},
	Date-Added = {2015-09-01 22:32:47 +0000},
	Date-Modified = {2015-09-09 01:21:26 +0000},
	Edition = {1st},
	Publisher = {Addison-Wesley Professional},
	Title = {Node.js, MongoDB, and AngularJS Web Development},
	Year = {2014}}

@misc{codificacion,
	Author = {Universidad de Valencia},
	Date-Added = {2015-09-01 01:36:38 +0000},
	Date-Modified = {2015-09-09 02:25:00 +0000},
	Lastchecked = {Julio 2015},
	Title = {``{Teor{\'\i}a} de codificaci{\'o}n'', {Julio} 2015. {Documento} en formato pdf accesible por internet en la direcci{\'o}n: \url{http://www.uv.es/~hertz/hertz/Docencia/teoria/codificacion.pdf}},
	Year = {2012},
	Bdsk-Url-1 = {http://www.uv.es/~hertz/hertz/Docencia/teoria/codificacion.pdf}}

@misc{penflip,
	Author = {Penflip},
	Date-Added = {2015-09-01 00:46:49 +0000},
	Date-Modified = {2015-09-09 02:16:05 +0000},
	Title = {``{Introducci{\'o}n} a {MEAN}'', {Junio} 2015. {Documento} en formato {HTML} accesible por internet en la direcci{\'o}n: \url{https://www.penflip.com/ocruz/introduccion-a-mean/blob/master/mean.txt}},
	Year = {2014},
	Bdsk-Url-1 = {https://www.penflip.com/ocruz/introduccion-a-mean/blob/master/mean.txt}}

@misc{nodejs,
	Author = {Ryan Dahl},
	Date-Added = {2015-09-01 00:43:54 +0000},
	Date-Modified = {2015-09-09 02:22:47 +0000},
	Lastchecked = {Enero 2015},
	Title = {``{P{\'a}gina} oficial de {NodeJS} en ingl{\'e}s'', {Enero} 2015. {Documento} en formato {HTML} accesible por internet en la direcci{\'o}n: \url{https://nodejs.org/}},
	Year = {2009},
	Bdsk-Url-1 = {https://nodejs.org/}}

@misc{wikibluetooth,
	Author = {Wikipedia},
	Date-Added = {2015-09-01 00:35:22 +0000},
	Date-Modified = {2015-09-09 02:19:11 +0000},
	Title = {``{P{\'a}gina} de {Bluetooth} en {Wikipedia}'', {Septiembre} 2015. {Documento} en formato {HTML} accesible por internet en la direcci{\'o}n: \url{https://es.wikipedia.org/wiki/Bluetooth}},
	Year = {2004},
	Bdsk-Url-1 = {https://es.wikipedia.org/wiki/Bluetooth}}

@misc{bluetoothoficial,
	Author = {Bluetooth SIG},
	Date-Added = {2015-09-01 00:18:47 +0000},
	Date-Modified = {2015-09-09 02:22:57 +0000},
	Lastchecked = {Septiembre 2015},
	Title = {``{P{\'a}gina} {Oficial} del {SIG} de {Bluetooth}'', {Septiembre} 2015. {Documento} en formato {HTML} accesible por internet en la direcci{\'o}n: \url{https://www.bluetooth.org/}},
	Year = {2000},
	Bdsk-Url-1 = {https://www.bluetooth.org/}}

@misc{bluetoothlowenergy,
	Author = {Argenox},
	Date-Added = {2015-09-01 00:12:20 +0000},
	Date-Modified = {2015-09-09 02:18:53 +0000},
	Read = {1},
	Title = {``{Introducci{\'o}n} al protocolo {Bluetooth} de bajo consumo'', {Mayo} 2015. {Documento} en formato {HTML} accesible por internet en la direcci{\'o}n: \url{http://www.argenox.com/es/bluetooth-baja-energia-ble-desarrollo/biblioteca/introduction-bluetooth-bajo-consumo/}},
	Year = {2014},
	Bdsk-Url-1 = {http://www.argenox.com/es/bluetooth-baja-energia-ble-desarrollo/biblioteca/introduction-bluetooth-bajo-consumo/}}

@article{smartphoneusers,
	Author = {eMarketer},
	Date-Added = {2015-02-05 11:43:12 +0000},
	Date-Modified = {2015-09-09 00:04:53 +0000},
	Howpublished = {\url{http://www.emarketer.com/Article/Smartphone-Users-Worldwide-Will-Total-175-Billion-2014/1010536}},
	Journal = {eMarketer},
	Title = {Smartphone Users Worldwide Will Total 1.75 Billion in 2014},
	Year = {2014}}

@techreport{smartphonemarket,
	Author = {Ramon Llamas, Ryan Reith, Kathy Nagamine},
	Date-Added = {2015-02-05 11:37:05 +0000},
	Date-Modified = {2015-02-05 12:10:24 +0000},
	Institution = {IDC Corporate USA},
	Title = {Smartphone Market Share Q3 2014},
	Year = {2014}}

@misc{bluetoothhal,
	Author = {Android},
	Date-Added = {2015-01-31 17:07:04 +0000},
	Date-Modified = {2015-09-09 02:17:31 +0000},
	Title = {``{Android} open source {Bluetooth}'', {Junio} 2015. {Documento} en formato {HTML} accesible por internet en la direcci{\'o}n: \url{https://source.android.com/devices/bluetooth.html}},
	Year = {2007},
	Bdsk-Url-1 = {https://source.android.com/devices/bluetooth.html}}

@misc{androiddevguide,
	Annote = {\url{http://developer.android.com/guide/topics/sensors/sensors_overview.html}},
	Author = {Android},
	Date-Added = {2014-11-05 20:20:59 +0000},
	Date-Modified = {2015-09-09 02:18:07 +0000},
	Read = {0},
	Title = {``{Gu{\'\i}a} para desarrolladores en {Android}'', {Agosto} 2015. {Documento} en formato {HTML} accesible por internet en la direcci{\'o}n: \url{http://developer.android.com/}},
	Year = {2008},
	Bdsk-Url-1 = {http://developer.android.com/}}
